<record><leader>00000cas a22000007a 4500</leader><controlfield tag="001">10988715</controlfield><controlfield tag="008">840726c19uu9999nyuwr ne      0   a0eng d</controlfield><datafield ind1=" " ind2=" " tag="010"><subfield code="a">sn 84006468 </subfield></datafield><datafield ind1=" " ind2=" " tag="040"><subfield code="a">NSD</subfield><subfield code="b">eng</subfield><subfield code="c">NSD</subfield><subfield code="d">OCLCQ</subfield></datafield><datafield ind1=" " ind2=" " tag="012"><subfield code="m">1</subfield></datafield><datafield ind1="1" ind2=" " tag="022"><subfield code="a">8750-1015</subfield><subfield code="l">8750-1015</subfield><subfield code="2">1</subfield></datafield><datafield ind1=" " ind2=" " tag="032"><subfield code="a">877160</subfield><subfield code="b">USPS</subfield></datafield><datafield ind1=" " ind2=" " tag="037"><subfield code="b">Graphic Square Corporation, P.O. Box 108-P, One East Main St., Bay Shore, N.Y. 11706</subfield></datafield><datafield ind1=" " ind2=" " tag="042"><subfield code="a">nsdp</subfield></datafield><datafield ind1=" " ind2="0" tag="222"><subfield code="a">Islip sentinel</subfield></datafield><datafield ind1="0" ind2="0" tag="245"><subfield code="a">Islip sentinel.</subfield></datafield><datafield ind1=" " ind2=" " tag="260"><subfield code="a">[Bay Shore, N.Y. :</subfield><subfield code="b">Graphic Square Corp.]</subfield></datafield><datafield ind1=" " ind2=" " tag="310"><subfield code="a">Weekly</subfield></datafield><datafield ind1=" " ind2=" " tag="588"><subfield code="a">Description based on: Vol. 14, no. 15 (Thursday, July 12, 1984).</subfield></datafield><datafield ind1=" " ind2=" " tag="752"><subfield code="a">United States.</subfield><subfield code="b">New York</subfield><subfield code="c">Suffolk</subfield><subfield code="d">Bay Shore.</subfield></datafield><datafield ind1=" " ind2=" " tag="936"><subfield code="a">July 12, 1984</subfield></datafield></record>